@book{piaget2000psychologie,
  title={Psychologie der Intelligenz},
  author={Piaget, Jean},
  year={2000},
  publisher={Klett-Cotta}
}

@article{mccarthy2007artificial,
  title={What is artificial intelligence?},
  author={McCarthy, John},
  year={2007}
}
@article{sesink1993menschliche,
  title={Menschliche und k{\"u}nstliche Intelligenz},
  author={Sesink, Werner},
  journal={Der kleine Unterschied. Stuttgart},
  year={1993}
}

@article{buchanan2005very,
  title={A (very) brief history of artificial intelligence},
  author={Buchanan, Bruce G},
  journal={Ai Magazine},
  volume={26},
  number={4},
  pages={53-60},
  year={2005}
}

@book{asimov2000der,
  author = {Asimov, Isaac},
  title = {Der 200-Jahre-Mann},
  publisher = {Heyne},
  year = {2000},
  address = {München},
  isbn = {3453170032}
}

@online{ibm2021whatisAI,
  author = {IBM},
  title = {Artificial Intelligence (AI)},
  date = {2021-09-14},
  url = {https://www.ibm.com/cloud/learn/what-is-artificial-intelligence#toc-types-of-a-q56lfpGa},
}

@online{oppy&dowe2020turingtest,
  author = {Graham Oppy & David Dowe},
  title = {The Turing Test},
  date = {2021-09-14},
  url = {https://plato.stanford.edu/entries/turing-test/},
}

@book{turing1950computing,
  author = {Turing, A. M.},
  title = {Computing Machinery and Intelligence},
  pages = {433-460},
  year = {1950},
}

@online{steinleichner2019openaidota,
  author = {Peter Steinlechner},
  title = {Open AI besiegt die Weltmeister},
  date = {2021-09-15},
  url = {https://www.golem.de/news/dota-2-open-ai-besiegt-die-weltmeister-1904-140710.html},
}

@online{aaai2021briefhistory,
  author = {aaai.org},
  title = {A Brief History of AI},
  date = {2021-09-15},
  url = {https://aitopics.org/misc/brief-history},
}

@article{hsu1999ibm,
  title={IBM's deep blue chess grandmaster chips},
  author={Hsu, Feng-hsiung},
  journal={IEEE micro},
  volume={19},
  number={2},
  pages={70--81},
  year={1999},
  publisher={IEEE}
}

@article{hessler2017erfolg,
  title={Der Erfolg der „Dummheit “},
  author={He{\ss}ler, Martina},
  journal={NTM Zeitschrift f{\"u}r Geschichte der Wissenschaften, Technik und Medizin},
  volume={25},
  number={1},
  pages={1--33},
  year={2017},
  publisher={Springer}
}

@incollection{miebach2020superintelligenz,
  title={Superintelligenz, Singularit{\"a}t und Maschinenethik},
  author={Miebach, Bernhard},
  booktitle={Digitale Transformation von Wirtschaft und Gesellschaft},
  pages={307--324},
  year={2020},
  publisher={Springer}
}

@article{fellienkunstliche,
  title={K{\"u}nstliche Intelligenz zwischen Anspruch und Wirklichkeit},
  author={Fellien, Arne}
}

@incollection{nimtz2013chinesische,
  title={Das Chinesische Zimmer},
  author={Nimtz, Christian},
  booktitle={Klassische Argumentationen der Philosophie},
  pages={259--274},
  year={2013},
  publisher={mentis}
}

@article{searle1999chinese,
  title={The Chinese Room},
  author={Searle, John},
  year={1999}
}

@online{duden2021erkenntnis,
  title = {Erkenntnis, die},
  date = {2021-10-06},
  url = {https://www.duden.de/rechtschreibung/Erkenntnis_Einsicht_Vernunft},
}

@online{ibm2021deeplearning,
  title = {What is Deep Learning?},
  date = {2021-10-07},
  url = {https://www.ibm.com/cloud/learn/deep-learning}
}

@online{kibuisness2021supervised,
    title = {Überwachtes Lernen (Supervised Learning)},
    date = {2021-10-18},
    url = {https://www.ki-business.de/blog/supervised-learning}
}

@online{deduktion2021unileipzig,
  title = {Deduktion},
  date = {2021-10-19},
  url = {https://home.uni-leipzig.de/methodenportal/deduktion_induktion/},
}

@online{overfitting_pic,
  title = {Overfitting Graph},
  date = {2021-10-20},
  url = {https://www.sololearn.com/learning/1094/3306/7361/1},
}
