@book{piaget2000psychologie,
  title={Psychologie der Intelligenz},
  author={Piaget, Jean},
  year={2000},
  publisher={Klett-Cotta}
}

@article{mccarthy2007artificial,
  title={What is artificial intelligence?},
  author={McCarthy, John},
  year={2007}
}
@article{sesink1993menschliche,
  title={Menschliche und k{\"u}nstliche Intelligenz},
  author={Sesink, Werner},
  journal={Der kleine Unterschied. Stuttgart},
  year={1993}
}

@article{buchanan2005very,
  title={A (very) brief history of artificial intelligence},
  author={Buchanan, Bruce G},
  journal={Ai Magazine},
  volume={26},
  number={4},
  pages={53-60},
  year={2005}
}

@book{asimov2000der,
  author = {Asimov, Isaac},
  title = {Der 200-Jahre-Mann},
  publisher = {Heyne},
  year = {2000},
  address = {MuÌˆnchen},
  isbn = {3453170032}
}

@online{ibm2021whatisAI,
  author = {IBM},
  title = {Artificial Intelligence (AI)},
  date = {2021-09-14},
  url = {https://www.ibm.com/cloud/learn/what-is-artificial-intelligence#toc-types-of-a-q56lfpGa},
}

@online{oppy&dowe2020turingtest,
  author = {Graham Oppy & David Dowe},
  title = {The Turing Test},
  date = {2021-09-14},
  url = {https://plato.stanford.edu/entries/turing-test/},
}

@book{turing1950computing,
  author = {Turing, A. M.},
  title = {Computing Machinery and Intelligence},
  pages = {433-460},
  year = {1950},
}

@online{steinleichner2019openaidota,
  author = {Peter Steinlechner},
  title = {Open AI besiegt die Weltmeister},
  date = {2021-09-15},
  url = {https://www.golem.de/news/dota-2-open-ai-besiegt-die-weltmeister-1904-140710.html},
}

@online{aaai2021briefhistory,
  author = {aaai.org},
  title = {A Brief History of AI},
  date = {2021-09-15},
  url = {https://aitopics.org/misc/brief-history},
}